@online{wikiHallucinationIA,
    author = {{Wikipedia}},
    title = {Hallucination (IA)},
    year = {2025},
    url = {https://fr.wikipedia.org/wiki/Hallucination_(intelligence_artificielle)},
}

@online{wikiBusFactor,
    author = {{Wikipedia}},
    title = {Bus Factor},
    year = {2025},
    url = {https://fr.wikipedia.org/wiki/Facteur_d%27autobus}
}

@online{wikiSLOC,
    author = {{Wikipedia}},
    title = {SLOC},
    year = {2025},
    url = {https://en.wikipedia.org/wiki/Source_lines_of_code}
}

@online{wikiSoftwareMetrics,
    author = {{Wikipedia}},
    title = {Software Metrics},
    year = {2025},
    url = {https://en.wikipedia.org/wiki/Software_metric}
}